
@techreport{pugetsoundregionalcouncil2023,
	title = {Regional Housing Strategy: 2023 Monitoring Report},
	author = {Puget Sound Regional Council, },
	year = {2023},
	month = {11},
	date = {2023-11},
	url = {https://www.psrc.org/sites/default/files/2023-11/reg-housing-strategy-monitoring-rpt-2023.pdf}
}

@article{bronin2023,
	title = {Zoning by a Thousand Cuts},
	author = {Bronin, Sara C.},
	year = {2023},
	date = {2023},
	journal = {Pepperdine Law Review},
	pages = {719},
	volume = {50},
	url = {https://heinonline.org/HOL/Page?handle=hein.journals/pepplr50&id=744&div=&collection=}
}

@techreport{freemark2023,
	title = {Bringing Zoning into Focus: A Fine-Grained Analysis of Zoning{\textquoteright}s Relationships to Housing Affordability, Income Distributions, and Segregation in Connecticut},
	author = {Freemark, Yonah and Lo, Lydia and Sara C., Bronin},
	year = {2023},
	month = {06},
	date = {2023-06},
	pages = {57},
	url = {https://search.issuelab.org/resources/42025/42025.pdf}
}

@misc{urbaninstitute,
	title = {Urban Institute Puget Sound Zoning Atlas},
	author = {Urban Institute, },
	year = {2023},
	date = {2023}
}

@misc{pugetsoundregionalcouncil2024,
	title = {Community and Transit-Oriented Housing Development Bill 2024: An Interactive Web Map},
	author = {Puget Sound Regional Council, },
	year = {2024},
	month = {01},
	date = {2024-01},
	url = {https://arcg.is/0SSvK10}
}

@techreport{pugetsoundregionalcouncil2018,
	title = {Draft 2050 Forecast of People and Jobs},
	author = {Puget Sound Regional Council, },
	year = {2018},
	month = {03},
	date = {2018-03},
	url = {https://www.psrc.org/media/1749}
}

@article{lund2006,
	title = {Reasons for Living in a Transit-Oriented Development, and Associated Transit Use},
	author = {Lund, H.},
	year = {2006},
	date = {2006},
	journal = {Journal of the American Planning Association},
	pages = {357--366},
	volume = {72},
	doi = {10.1080/01944360608976757},
	url = {https://consensus.app/papers/reasons-living-transitoriented-development-associated-lund/564e7eba9c42550cadee612a7acf2859/}
}

@article{dawkins2016,
	title = {Transit-Induced Gentrification: Who Will Stay, and Who Will Go?},
	author = {Dawkins, Casey J. and Moeckel, R.},
	year = {2016},
	date = {2016},
	journal = {Housing Policy Debate},
	pages = {801--818},
	volume = {26},
	doi = {10.1080/10511482.2016.1138986},
	url = {https://consensus.app/papers/transitinduced-gentrification-will-stay-will-dawkins/1d9ea76b7d8059cea68b729d77a89507/}
}

@article{trohimovich2002,
	title = {The Growth Management Act (GMA) after more than 10 years: Another look & a response to criticisms},
	author = {Trohimovich, Tim},
	year = {2002},
	date = {2002},
	journal = {Growth},
	url = {http://www.futurewise.org/assets/resources/GMA_another_look.pdf}
}

@article{reed2024,
	title = {An act relating to promoting community and transit-oriented housing development},
	author = {Reed, Representative Julia},
	year = {2024},
	month = {02},
	date = {2024-02-02}
}



@misc{washingtonstateparcelsproject,
	title = {Current Parcels (2023)},
	author = {{Washington State Parcels Project}, },
	year = {2023},
	langid = {en-wo}
}

@misc{pugetsoundregionalcouncil,
	title = {PSRC Data Portal},
	author = {Puget Sound Regional Council, },
	year = {2023},
	month = {09},
	langid = {en-us}
}

@techreport{pugetsoundregionalcouncil2021,
	title = {Puget Sound Trends, 2010-2020},
	author = {Puget Sound Regional Council, },
	year = {2021},
	month = {11},
	date = {2021-11},
	url = {https://www.psrc.org/media/4942}
}

@techreport{climateimpactsgroup2009,
	title = {The Washington Climate Change Impacts Assessment},
	author = {Climate Impacts Group, },
	year = {2009},
	date = {2009},
	url = {http://www.cses.washington.edu/db/pdf/wacciareport681.pdf}
}

@techreport{allhome2020,
	title = {Count Us In Report: Seattle/King County Point-in-Time Count of Individuals Experiencing Homeslessness},
	author = {All Home, },
	year = {2020},
	date = {2020},
	url = {https://kcrha.org/wp-content/uploads/2020/06/Count-Us-In-2020-Final.pdf}
}

@techreport{pugetsoundregionalcouncil2023a,
	title = {VISION 2050},
	author = {Puget Sound Regional Council, },
	year = {2023},
	date = {2023},
	url = {https://www.psrc.org/vision-2050}
}

@techreport{pugetsoundregionalcouncil2022,
	title = {Climate Change and Resilience Guidance},
	author = {Puget Sound Regional Council, },
	year = {2022},
	month = {12},
	date = {2022-12},
	url = {https://www.psrc.org/media/6869}
}
