
@techreport{pugetsoundregionalcouncil2023,
	title = {Regional Housing Strategy: 2023 Monitoring Report},
	author = {Puget Sound Regional Council, },
	year = {2023},
	month = {11},
	date = {2023-11},
	url = {https://www.psrc.org/sites/default/files/2023-11/reg-housing-strategy-monitoring-rpt-2023.pdf}
}
